@article{ann,
	author = {Jihene Kaabi and Youssef Harrath},
	title = {Permutation rules and genetic algorithm to solve the traveling salesman problem},
	journal = {Arab Journal of Basic and Applied Sciences},
	volume = {26},
	number = {1},
	pages = {283-291},
	year  = {2019},
	publisher = {Taylor & Francis},
	doi = {10.1080/25765299.2019.1615172},

	URL = { 
        https://doi.org/10.1080/25765299.2019.1615172
    
	},
	eprint = { 
        https://doi.org/10.1080/25765299.2019.1615172
    
	}
}