@article{ann,
	author = {Jihene Kaabi and Youssef Harrath},
	title = {Permutation rules and genetic algorithm to solve the traveling salesman problem},
	journal = {Arab Journal of Basic and Applied Sciences},
	volume = {26},
	number = {1},
	pages = {283-291},
	year  = {2019},
	publisher = {Taylor & Francis},
	doi = {10.1080/25765299.2019.1615172},

	URL = { 
        https://doi.org/10.1080/25765299.2019.1615172
    
	},
	eprint = { 
        https://doi.org/10.1080/25765299.2019.1615172
    
	}
}
@misc{schwarz,
	author = {Keith Schwarz},
	title = {Darts, Dice, and Coins: Sampling from a discrete distribution},
	year = {2011},
	howpublished = {\url{https://www.keithschwarz.com/darts-dice-coins}},
	note = {Accessed: 2020-11-13}
}
@article{vose,
    author = {Michael D. Vose},
    title = {A linear algorithm for generating random numbers with a given distribution},
    journal = {Software Engineering, IEEE Transactions on},
    year = {1991}
}
@inproceedings{hprm,
author = {Otman, Abdoun and Tajani, Chakir and Abouchabka, Jaafar},
year = {2012},
month = {05},
pages = {},
title = {A New Mutation Operator for Solving an NP-Complete Problem: Travelling Salesman Problem}
}
@inproceedings{bentley,
author = {Bentley, Jon Louis},
title = {Experiments on Traveling Salesman Heuristics},
year = {1990},
isbn = {0898712513},
publisher = {Society for Industrial and Applied Mathematics},
address = {USA},
booktitle = {Proceedings of the First Annual ACM-SIAM Symposium on Discrete Algorithms},
pages = {91â€“99},
numpages = {9},
location = {San Francisco, California, USA},
series = {SODA '90}
}
@article{kanellakispapadimitriou,
author = {Kanellakis, Paris-C. and Papadimitriou, Christos H.},
title = {Local Search for the Asymmetric Traveling Salesman Problem},
journal = {Operations Research},
volume = {28},
number = {5},
pages = {1086-1099},
year = {1980},
doi = {10.1287/opre.28.5.1086},

URL = { 
        https://doi.org/10.1287/opre.28.5.1086
    
},
eprint = { 
        https://doi.org/10.1287/opre.28.5.1086
    
}
}
@article{nagatasoler,
author = {Nagata, Yuichi and Soler, David},
title = {A new genetic algorithm for the asymmetric traveling salesman problem,
Expert Systems with Applications},
journal = {Expert Systems with Applications},
volume = {39},
number = {10},
pages = {8947-8953},
year = {2012},
doi = {10.1016/j.eswa.2012.02.029},
URL = {http://www.sciencedirect.com/science/article/pii/S0957417412002734},
}
}
